<collection xmlns="http://www.loc.gov/MARC21/slim"><record><leader>01057nam  2200301   450</leader><controlfield tag="001">918</controlfield><controlfield tag="003">http://montalegre.opacnet.com/OPAC/default.aspx?ContentAreaControl=ShowRegHoldings.ascx&amp;RegNo=16662</controlfield><datafield tag="100" ind1=" " ind2=" "><subfield code="a">20061013d1990    em.y0pory0103    ba</subfield></datafield><datafield tag="101" ind1="1" ind2=" "><subfield code="a">por</subfield><subfield code="c">eng</subfield></datafield><datafield tag="102" ind1=" " ind2=" "><subfield code="a">PT</subfield></datafield><datafield tag="105" ind1=" " ind2=" "><subfield code="a">y   z   000ay</subfield></datafield><datafield tag="106" ind1=" " ind2=" "><subfield code="a">r</subfield></datafield><datafield tag="200" ind1="1" ind2=" "><subfield code="a">Moby Dick</subfield><subfield code="f">Herman Melville</subfield><subfield code="g">trad. Alfredo Margarido e Daniel Gonçalves</subfield></datafield><datafield tag="210" ind1=" " ind2=" "><subfield code="a">Lisboa</subfield><subfield code="c">Relógio d'Água</subfield><subfield code="d">[D.L. 1990]</subfield></datafield><datafield tag="215" ind1=" " ind2=" "><subfield code="a">2 v.(315, 337 p.)</subfield><subfield code="d">22 cm</subfield></datafield><datafield tag="225" ind1="2" ind2=" "><subfield code="a">Clássicos</subfield></datafield><datafield tag="300" ind1=" " ind2=" "><subfield code="a">Volumes em duplicado</subfield></datafield><datafield tag="304" ind1=" " ind2=" "><subfield code="a">Tít. orig.: Moby Dick</subfield></datafield><datafield tag="675" ind1=" " ind2=" "><subfield code="a">821</subfield></datafield><datafield tag="700" ind1=" " ind2="1"><subfield code="a">Melville</subfield><subfield code="b">Herman</subfield><subfield code="f">1819-1891</subfield><subfield code="3">34716</subfield></datafield><datafield tag="702" ind1=" " ind2="1"><subfield code="a">Margarido</subfield><subfield code="b">Alfredo</subfield><subfield code="f">1928-</subfield><subfield code="4">730</subfield><subfield code="3">40817</subfield></datafield><datafield tag="702" ind1=" " ind2="1"><subfield code="a">Gonçalves</subfield><subfield code="b">Daniel</subfield><subfield code="f">1921-</subfield><subfield code="4">730</subfield><subfield code="3">34991</subfield></datafield><datafield tag="801" ind1=" " ind2="0"><subfield code="a">PT</subfield><subfield code="b">Biblioteca Municipal de Montalegre</subfield><subfield code="g">RPC</subfield></datafield><datafield tag="856" ind1=" " ind2=" "><subfield code="u">locateMedia.asp?cod=20060629161520&amp;ext=jpg</subfield><subfield code="z">CAPA</subfield></datafield><datafield tag="856" ind1=" " ind2=" "><subfield code="u">locateMedia.asp?cod=20060629161533&amp;ext=jpg</subfield><subfield code="z">CAPA</subfield></datafield><datafield tag="909" ind1="&#9;" ind2=" "><subfield code="a">4</subfield></datafield><datafield tag="966" ind1=" " ind2=" "><subfield code="a">0009071</subfield><subfield code="l">BMM</subfield><subfield code="s">SCG 821 MEL mob 1</subfield></datafield><datafield tag="966" ind1=" " ind2=" "><subfield code="a">0009072</subfield><subfield code="l">BMM</subfield><subfield code="s">SCG 821 MEL mob 1</subfield></datafield><datafield tag="966" ind1=" " ind2=" "><subfield code="a">0009073</subfield><subfield code="l">BMM</subfield><subfield code="s">SCG 821 MEL mob 2</subfield></datafield><datafield tag="966" ind1=" " ind2=" "><subfield code="a">0009074</subfield><subfield code="l">BMM</subfield><subfield code="s">SCG 821 MEL mob 2</subfield></datafield></record></collection>